
@article{article:en,
  author        = {Smith, John and Doe, Jane},
  journal       = {Journal of Rheology Research},
  number        = {3},
  pages         = {384--390},
  title         = {Study on rheological equations for viscoelastic flow},
  volume        = {30},
  year          = {1969}
}

@article{article:jp,
  author        = {日本 太郎 and 赤坂 次郎},
  journal       = {日本流動学会論文集},
  number        = {578},
  pages         = {359--363},
  title         = {粘弾性流のレオロジ方程式に関する研究},
  volume        = {70},
  year          = {1967}
}

@book{book:en,
  author    = {Seigyo, Shiro},
  publisher = {Mech Publisher},
  title     = {Automatic Feedback Control},
  year      = {1968}
}

@book{book:jp,
  author    = {制御 四郎},
  publisher = {機学社},
  title     = {自動制御理論},
  year      = {1968}
}

@phdthesis{thesis:en,
  author = {Kikai, Taro},
  school = {Kyoto Institute of Technology},
  title  = {Study of Structure and Strength of Complex Machines},
  year   = {2017}
}

@phdthesis{thesis:jp,
  author = {機械 太郎},
  school = {京都工芸繊維大学},
  title  = {複雑な機械の構造と強度に関する研究},
  type   = {博士論文},
  year   = {2017}
}

@techreport{techreport,
  author        = {Chiteki, Kouzou},
  institution   = {Kyoto Institute of Technology},
  number        = {Report No. AY2019-004-01},
  title         = {Nonlinear vibration energy harvesting},
  year          = {2019}
}

@inproceedings{inproceedings,
  author        = {Villareal, Mar\'{i}a Victoria and Portillo, Virgilio and Mart\'{i}nez, Manuela},
  booktitle     = {Proceedings of the 2020 Mechanical Engineering Conference},
  pages         = {414--424},
  title         = {Development of a smart gear sensor system},
  year          = {2020}
}

@incollection{incollection,
  author        = {Aadmi, Aam and Rossi, Mario and Pallino, Pinco and Nessuno, Signor},
  booktitle     = {The Horizons of Materials Science},
  pages         = {153--178},
  publisher     = {Materials Press},
  title         = {Computational approaches for materials science},
  year          = {2014}
}

@misc{web,
  author        = {平賀 元彰},
  howpublished  = {\url{https://github.com/motoHiraga/kit-mech-thesis-template}},
  title         = {【非公式｜工繊大・機械】卒論・修論 LaTeX テンプレート},
  year          = {Retrieved on October 31, 2024}
}